<?xml version="1.0" encoding="UTF-8"?><collection xmlns="http://www.loc.gov/MARC21/slim"><record><leader>00406nam--2200145-i-4500</leader><controlfield tag="001">000016699</controlfield><controlfield tag="002">20161230</controlfield><controlfield tag="005">20161230201031</controlfield><controlfield tag="008">060222s1000------------r-----000-0-eng-d</controlfield><datafield ind1=" " ind2=" " tag="080"><subfield code="a">537.222.22:548.736.339.3</subfield></datafield><datafield ind1=" " ind2=" " tag="100"><subfield code="a">Birau,Octavian Si Ciuhandu,Anamaria</subfield></datafield><datafield ind1=" " ind2=" " tag="245"><subfield code="a">Siliciul semiconductor.i</subfield></datafield><datafield ind1=" " ind2=" " tag="260"><subfield code="a">Timisoara,Universitatea Din Timisoara,1987. 99p</subfield></datafield><datafield ind1=" " ind2=" " tag="490"><subfield code="a">Monografii De Fizica</subfield></datafield><datafield ind1=" " ind2=" " tag="852"><subfield code="a">74617</subfield></datafield></record></collection>